
@article{Sun2005,
  title={Discontinuous Galerkin methods for coupled flow and reactive transport problems},
  author={Sun, S. and Wheeler, M. F.},
  journal={Applied Numerical Mathematics},
  volume={52},
  number={2},
  pages={273--298},
  year={2005},
  publisher={Elsevier}
}

@article{Sun2006,
title = "Anisotropic and dynamic mesh adaptation for discontinuous Galerkin methods applied to reactive transport ",
journal = "Computer Methods in Applied Mechanics and Engineering ",
volume = "195",
number = "25â€“28",
pages = "3382 - 3405",
year = "2006",
note = "Discontinuous Galerkin Methods ",
issn = "0045-7825",
doi = "http://dx.doi.org/10.1016/j.cma.2005.06.019",
url = "http://www.sciencedirect.com/science/article/pii/S0045782505002744",
author = "S. Sun and M. F. Wheeler",
keywords = "Discontinuous Galerkin methods",
keywords = "A posteriori error estimators",
keywords = "Anisotropic mesh adaptation",
keywords = "Dynamic mesh adaptation",
keywords = "Reactive transport "
}

@Article{ref1,
author="Rivi{\`e}re, B.
and Wheeler, M. F.",
title="Coupling Locally Conservative Methods for Single Phase Flow",
journal="Computational Geosciences",
volume="6",
number="3",
pages="269--284",
abstract="This work presents the coupling of two locally conservative methods for elliptic problems: namely, the discontinuous Galerkin method and the mixed finite element method. The couplings can be defined with or without interface Lagrange multipliers. The formulations are shown to be equivalent. Optimal error estimates are given; penalty terms may or may not be included. In addition, the analysis for non-conforming grids is also discussed.",
issn="1573-1499",
doi="10.1023/A:1021266409023",
url="http://dx.doi.org/10.1023/A:1021266409023"
}

@incollection{riviere2000discontinuous,
  title={A discontinuous Galerkin method applied to nonlinear parabolic equations},
  author={Rivi{\`e}re, B. and Wheeler, M. F.},
  booktitle={Discontinuous Galerkin methods},
  pages={231--244},
  year={2000},
  publisher={Springer}
}


@article {CNM:CNM464,
author = {Rivi{\`e}re, B. and Wheeler, M. F.},
title = {Discontinuous Galerkin methods for flow and transport problems in porous media},
journal = {Communications in Numerical Methods in Engineering},
volume = {18},
number = {1},
publisher = {John Wiley & Sons, Ltd.},
issn = {1099-0887},
url = {http://dx.doi.org/10.1002/cnm.464},
doi = {10.1002/cnm.464},
pages = {63--68},
keywords = {miscible displacement, higher-order schemes, discontinuous polynomials, unstructured meshes, unstable flow},
year = {2002},
}

@article{ainsworth2007posteriori,
  title={A posteriori error estimation for discontinuous Galerkin finite element approximation},
  author={Ainsworth, Mark},
  journal={SIAM Journal on Numerical Analysis},
  volume={45},
  number={4},
  pages={1777--1798},
  year={2007},
  publisher={SIAM}
}

@article{ainsworth2010fully,
  title={Fully computable error bounds for discontinuous Galerkin finite element approximations on meshes with an arbitrary number of levels of hanging nodes},
  author={Ainsworth, Mark and Rankin, Richard},
  journal={SIAM Journal on Numerical Analysis},
  volume={47},
  number={6},
  pages={4112--4141},
  year={2010},
  publisher={SIAM}
}

@article{ainsworth2009constant,
  title={Constant free error bounds for nonuniform order discontinuous Galerkin finite-element approximation on locally refined meshes with hanging nodes},
  author={Ainsworth, Mark and Rankin, Richard},
  journal={IMA journal of numerical analysis},
  volume={31},
  number={1},
  pages={254--280},
  year={2009},
  publisher={Oxford University Press}
}

@article{epshteyn2007estimation,
  title={Estimation of penalty parameters for symmetric interior penalty Galerkin methods},
  author={Epshteyn, Yekaterina and Rivi{\`e}re, B{\'e}atrice},
  journal={Journal of Computational and Applied Mathematics},
  volume={206},
  number={2},
  pages={843--872},
  year={2007},
  publisher={Elsevier}
}

@article{shahbazi2005explicit,
  title={An explicit expression for the penalty parameter of the interior penalty method},
  author={Shahbazi, Khosro},
  journal={Journal of Computational Physics},
  volume={205},
  number={2},
  pages={401--407},
  year={2005},
  publisher={Elsevier}
}

@article{ern2008posteriori,
  title={A posteriori energy-norm error estimates for advection-diffusion equations approximated by weighted interior penalty methods},
  author={Ern, Alexandre and Stephansen, Annette F},
  journal={Journal of Computational Mathematics},
  pages={488--510},
  year={2008},
  publisher={JSTOR}
}

@article{ern2009discontinuous,
  title={A discontinuous Galerkin method with weighted averages for advection--diffusion equations with locally small and anisotropic diffusivity},
  author={Ern, Alexandre and Stephansen, Annette F and Zunino, Paolo},
  journal={IMA Journal of Numerical Analysis},
  volume={29},
  number={2},
  pages={235--256},
  year={2009},
  publisher={OUP}
}

@article{ainsworth2012note,
  title={A note on the selection of the penalty parameter for discontinuous Galerkin finite element schemes},
  author={Ainsworth, Mark and Rankin, Richard},
  journal={Numerical Methods for Partial Differential Equations},
  volume={28},
  number={3},
  pages={1099--1104},
  year={2012},
  publisher={Wiley Online Library}
}


















